@Book{NoteProf,
author={R. De Nicola and R. Pugliese},
title={Algebre di processo come modelli per sistemi interattivi},
publisher={Universit√† degli Studi di Firenze},
year={2012},
volume={},
series={},
address={},
edition={},
month={},
note={},
key={}
}

@Article{ALMC,
year={1993},
isbn={978-3-540-57208-4},
booktitle={CONCUR'93},
volume={715},
series={Lecture Notes in Computer Science},
editor={Best, Eike},
doi={10.1007/3-540-57208-2_31},
title={A linear local model checking algorithm for CTL},
url={http://dx.doi.org/10.1007/3-540-57208-2_31},
publisher={Springer Berlin Heidelberg},
author={Vergauwen, Bart and Lewi, Johan},
pages={447-461}
}
